<?xml version="1.0" encoding="UTF-8"?><record xmlns="http://www.loc.gov/MARC21/slim" xmlns:cinclude="http://apache.org/cocoon/include/1.0" xmlns:zs="http://www.loc.gov/zing/srw/">
  <leader>00544cz  a2200133n  4500</leader>
  <controlfield tag="001">n  83031550 </controlfield>
  <controlfield tag="003">DLC</controlfield>
  <controlfield tag="005">20081212080230.0</controlfield>
  <controlfield tag="008">830510n| acannaabn          |n aaa      </controlfield>
  <datafield tag="010" ind1=" " ind2=" ">
    <subfield code="a">n  83031550 </subfield>
  </datafield>
  <datafield tag="035" ind1=" " ind2=" ">
    <subfield code="a">(OCoLC)oca00921842</subfield>
  </datafield>
  <datafield tag="040" ind1=" " ind2=" ">
    <subfield code="a">DLC</subfield>
    <subfield code="b">eng</subfield>
    <subfield code="c">DLC</subfield>
    <subfield code="d">OCoLC</subfield>
  </datafield>
  <datafield tag="100" ind1="1" ind2=" ">
    <subfield code="a">Weid, Jürgen</subfield>
  </datafield>
  <datafield tag="670" ind1=" " ind2=" ">
    <subfield code="a">Trümper, T. Untersuchungen zur optimalen Gestaltung von Schneidköpfen bei Unterwasserbaggerungen, 1973 (a.e.)</subfield>
    <subfield code="b">t.p. (Jürgen Weid) verso t.p. (Dipl.-Ing.; works at Institut für Maschinenwesen im Baubetrieb der Universität (TH) Karlsruhe)</subfield>
  </datafield>
</record>